%% This BibTeX bibliography file was created using BibDesk.
%% http://bibdesk.sourceforge.net/

%% Created for Jan Wiegmann at 2015-10-02 11:11:15 +0200 


%% Saved with string encoding Unicode (UTF-8) 



@misc{Beichner2009,
	Author = {Robert Beichner},
	Howpublished = {North Carolina State University, Raleigh, NC},
	Timestamp = {2010.10.05},
	Title = {An Introduction to Physics Education Research},
	Url = {http://www.compadre.org/per/document/ServeFile.cfm?ID=8806&DocID=1147&Attachment=1},
	Year = {2009},
	Bdsk-Url-1 = {http://www.compadre.org/per/document/ServeFile.cfm?ID=8806&DocID=1147&Attachment=1}}

@book{Deck2007,
	Author = {Klaus-Georg Deck and Herbert Neuendorf},
	Publisher = {Vieweg+Teubner},
	Timestamp = {2010.11.15},
	Title = {Java-Grundkurs f{\"u}r Wirtschaftsinformatiker},
	Year = {2007}}

@conference{Dubinsky1992,
	Author = {Ed Dubinsky and Guershon Harel},
	Booktitle = {The Concept Of Function},
	Editor = {Guershon Harel and Ed Dubinsky},
	Owner = {Philipp Marwan},
	Publisher = {MAA Notes},
	Timestamp = {2010.11.17},
	Title = {The Nature Of The Process Conception Of Function},
	Volume = {25},
	Year = {1992}}
